<record><leader>00000cas a2200000 a 4500</leader><controlfield tag="001">11312647</controlfield><controlfield tag="008">841026d19311972ksuwr ne      0   a0eng d</controlfield><datafield ind1=" " ind2=" " tag="010"><subfield code="a">sn 84029984 </subfield></datafield><datafield ind1=" " ind2=" " tag="040"><subfield code="a">KSH</subfield><subfield code="b">eng</subfield><subfield code="c">KSH</subfield><subfield code="d">NPT</subfield><subfield code="d">OCL</subfield><subfield code="d">OCLCQ</subfield></datafield><datafield ind1=" " ind2=" " tag="042"><subfield code="a">msc</subfield></datafield><datafield ind1="0" ind2="4" tag="245"><subfield code="a">The Grinnell record-leader.</subfield></datafield><datafield ind1="1" ind2="3" tag="246"><subfield code="a">Record-leader</subfield><subfield code="f">May 7-June 18, 1931</subfield></datafield><datafield ind1=" " ind2=" " tag="260"><subfield code="a">Grinnell, Kan. :</subfield><subfield code="b">C.W. Kennard,</subfield><subfield code="c">1931-1972.</subfield></datafield><datafield ind1=" " ind2=" " tag="300"><subfield code="a">41 v. :</subfield><subfield code="b">ill. ;</subfield><subfield code="c">55 cm.</subfield></datafield><datafield ind1=" " ind2=" " tag="310"><subfield code="a">Weekly</subfield></datafield><datafield ind1="0" ind2=" " tag="362"><subfield code="a">Vol. 1, no. 25 (May 7, 1931)-v. 54, no. 28 (Sept. 7, 1972).</subfield></datafield><datafield ind1=" " ind2=" " tag="500"><subfield code="a">Publisher varies.</subfield></datafield><datafield ind1=" " ind2=" " tag="515"><subfield code="a">Numbering is irregular.</subfield></datafield><datafield ind1=" " ind2=" " tag="752"><subfield code="a">United States</subfield><subfield code="b">Kansas</subfield><subfield code="c">Gove</subfield><subfield code="d">Grinnell.</subfield></datafield><datafield ind1="0" ind2="0" tag="780"><subfield code="t">Grinnell record</subfield><subfield code="w">(DLC)sn 84029983</subfield></datafield><datafield ind1="0" ind2="4" tag="785"><subfield code="t">Grainfield cap sheaf (Grainfield, Kan. : 1910)</subfield><subfield code="w">(DLC)sn 84029980</subfield></datafield></record>